<?xml version="1.0" encoding="UTF-8"?><collection xmlns="http://www.loc.gov/MARC21/slim"><record><leader>00335nam--2200133-i-4500</leader><controlfield tag="001">000012654</controlfield><controlfield tag="002">20161230</controlfield><controlfield tag="005">20161230201029</controlfield><controlfield tag="008">060222s1000------------r-----000-0-eng-d</controlfield><datafield ind1=" " ind2=" " tag="100"><subfield code="a">Blake, R</subfield></datafield><datafield ind1=" " ind2=" " tag="245"><subfield code="a">Mouton, j</subfield></datafield><datafield ind1=" " ind2=" " tag="260"><subfield code="a">Les Deux Dimensions Du Management</subfield></datafield><datafield ind1=" " ind2=" " tag="490"><subfield code="a">Paris, Les Edition D Organisation, 1969. 253 P</subfield></datafield><datafield ind1=" " ind2=" " tag="852"><subfield code="a">65.01</subfield></datafield></record></collection>